<?xml version="1.0" encoding="UTF-8"?><collection xmlns="http://www.loc.gov/MARC21/slim"><record><leader>00472nam--2200169-i-4500</leader><controlfield tag="001">000047579</controlfield><controlfield tag="002">20161230</controlfield><controlfield tag="005">20161230201046</controlfield><controlfield tag="008">060222s1000------------r-----000-0-eng-d</controlfield><datafield ind1=" " ind2=" " tag="040"><subfield code="a">IFIN-HH</subfield></datafield><datafield ind1=" " ind2=" " tag="080"><subfield code="a">621.039.512</subfield></datafield><datafield ind1="1" ind2=" " tag="100"><subfield code="a">Williams, M.M.R</subfield></datafield><datafield ind1="1" ind2="0" tag="245"><subfield code="a">The slowing down and thermalization of neutrons</subfield><subfield code="c">M.m.r. williams</subfield></datafield><datafield ind1=" " ind2=" " tag="260"><subfield code="a">Amsterdam</subfield><subfield code="b">North-holland Publishing Company</subfield><subfield code="c">1966</subfield></datafield><datafield ind1=" " ind2=" " tag="300"><subfield code="a">XV+582P</subfield></datafield><datafield ind1=" " ind2=" " tag="852"><subfield code="a">24491</subfield><subfield code="c">539.12</subfield></datafield><datafield ind1=" " ind2=" " tag="CAT"><subfield code="a">Sys</subfield><subfield code="c">20111104</subfield><subfield code="h">140716</subfield></datafield></record></collection>